<?xml version="1.0" encoding="UTF-8"?><collection xmlns="http://www.loc.gov/MARC21/slim"><record><leader>00547nam--2200181-u-4500</leader><controlfield tag="001">000055328</controlfield><controlfield tag="002">20161230</controlfield><controlfield tag="005">20161230201052</controlfield><controlfield tag="008">130121s1000------------r-----000-0-fre-d</controlfield><datafield ind1=" " ind2=" " tag="040"><subfield code="a">IFIN-HH</subfield></datafield><datafield ind1=" " ind2=" " tag="041"><subfield code="a">fre</subfield></datafield><datafield ind1=" " ind2=" " tag="080"><subfield code="a">539.32(043):534.1(043)</subfield></datafield><datafield ind1="1" ind2=" " tag="100"><subfield code="a">Galibert, Georges</subfield></datafield><datafield ind1="1" ind2="0" tag="245"><subfield code="a">Interaction phonons acoustiques - phonons thermiques dans le gasb et la solution solide gaxin-xsb</subfield><subfield code="b">These</subfield><subfield code="c">Georges galibert</subfield></datafield><datafield ind1=" " ind2=" " tag="260"><subfield code="a">Montpellier</subfield><subfield code="b">Universite</subfield><subfield code="c">1973</subfield></datafield><datafield ind1=" " ind2=" " tag="300"><subfield code="a">290P.+ANNEXE</subfield></datafield><datafield ind1=" " ind2=" " tag="852"><subfield code="a">40470</subfield><subfield code="c">539.3</subfield></datafield><datafield ind1=" " ind2=" " tag="CAT"><subfield code="a">Sys</subfield><subfield code="c">20130121</subfield><subfield code="h">134938</subfield></datafield></record></collection>